,Unnamed: 0,Symbol,Name,Date,Total Revenue,Cost of Revenue,Gross Profit,Operating Expenses,Research and Development,"Sales, General and Admin.",Non-Recurring Items,Other Operating Items,Operating Income,Add'l income/expense items,Earnings Before Interest and Tax,Interest Expense,Earnings Before Tax,Income Tax,Minority Interest,Equity Earnings/Loss Unconsolidated Subsidiary,Net Income-Cont. Operations,Net Income,Net Income Applicable to Common Shareholders
0,0,bhp,BHP Group Limited American Depositary Shares (Each representing two Ordinary Shares) (BHP),6/30/2023,"$53,817,000",--,"$53,817,000",,--,"$31,865,000",--,--,"$21,952,000","$529,000","$22,481,000","$2,060,000","$20,421,000","$6,691,000","$594,000","-$1,403,000","$14,324,000","$12,921,000","$12,921,000"
1,1,bhp,BHP Group Limited American Depositary Shares (Each representing two Ordinary Shares) (BHP),6/30/2022,"$65,098,000",--,"$65,098,000",,--,"$31,280,000",--,--,"$33,818,000","$81,000","$33,899,000","$1,050,000","$32,849,000","$10,430,000","-$19,000","-$2,155,000","$22,400,000","$30,900,000","$30,900,000"
2,2,bhp,BHP Group Limited American Depositary Shares (Each representing two Ordinary Shares) (BHP),6/30/2021,"$56,921,000",--,"$56,921,000",,--,"$30,731,000",--,--,"$26,190,000","$67,000","$26,257,000","$1,290,000","$24,967,000","$10,376,000","-$915,000","-$2,147,000","$13,676,000","$11,304,000","$11,304,000"
3,3,bhp,BHP Group Limited American Depositary Shares (Each representing two Ordinary Shares) (BHP),6/30/2020,"$38,924,000",--,"$38,924,000",,--,"$24,714,000",--,--,"$14,210,000","$334,000","$14,544,000","$1,192,000","$13,352,000","$4,216,000","-$508,000","-$780,000","$8,628,000","$7,956,000","$7,956,000"
4,4,rio,Rio Tinto Plc Common Stock (RIO),12/31/2022,"$55,554,000","$34,770,000","$20,784,000",,--,--,"$746,000",--,"$19,933,000","-$1,616,000","$18,997,000","$335,000","$18,662,000","$5,586,000","$575,000",--,"$13,651,000","$13,076,000","$13,076,000"
5,5,rio,Rio Tinto Plc Common Stock (RIO),12/31/2021,"$63,495,000","$32,690,000","$30,805,000",,--,"-$7,000","$995,000",--,"$29,817,000","$217,000","$31,076,000","$243,000","$30,833,000","$8,258,000","$1,042,000",--,"$23,617,000","$22,575,000","$22,575,000"
6,6,rio,Rio Tinto Plc Common Stock (RIO),12/31/2020,"$44,611,000","$26,254,000","$18,357,000",,--,"-$1,000","$1,529,000",--,"$16,829,000","-$1,483,000","$15,659,000","$268,000","$15,391,000","$4,991,000","$313,000",--,"$10,713,000","$10,400,000","$10,400,000"
7,7,rio,Rio Tinto Plc Common Stock (RIO),12/31/2019,"$43,165,000","$27,307,000","$15,858,000",,--,"-$10,000","$4,111,000",--,"$11,466,000","-$385,000","$11,673,000","$554,000","$11,119,000","$4,147,000","$301,000",--,"$7,273,000","$6,972,000","$6,972,000"
8,8,vale,VALE S.A. American Depositary Shares Each Representing one common share (VALE),12/31/2022,"$43,839,000","$24,028,000","$19,811,000",,"$660,000","$2,237,000","-$294,000",--,"$17,208,000","$3,447,000","$20,960,000","$1,179,000","$19,781,000","$2,971,000","$305,000","-$82,000","$16,728,000","$18,788,000","$18,788,000"
9,9,vale,VALE S.A. American Depositary Shares Each Representing one common share (VALE),12/31/2021,"$54,502,000","$21,729,000","$32,773,000",,"$549,000","$3,457,000","$1,074,000",--,"$27,693,000","$4,368,000","$30,790,000","$1,249,000","$29,541,000","$4,697,000","-$1,271,000","-$108,000","$24,736,000","$22,445,000","$22,445,000"
10,10,vale,VALE S.A. American Depositary Shares Each Representing one common share (VALE),12/31/2020,"$39,545,000","$17,564,000","$21,981,000",,"$415,000","$6,548,000","$2,195,000",--,"$12,823,000","-$3,655,000","$8,148,000","$1,158,000","$6,990,000","$735,000","-$1,020,000","$3,000","$6,258,000","$4,881,000","$4,881,000"
11,11,vale,VALE S.A. American Depositary Shares Each Representing one common share (VALE),12/31/2019,"$36,549,000","$19,312,000","$17,237,000",,"$413,000","$8,395,000","$4,536,000",--,"$3,893,000","$291,000","$3,528,000","$3,684,000","-$156,000","-$595,000","-$656,000","-$115,000","$324,000","-$1,683,000","-$1,683,000"
12,12,amzn,"Amazon.com, Inc. Common Stock (AMZN)",12/31/2022,"$513,983,000","$288,831,000","$225,152,000",,--,"$212,904,000",--,--,"$12,248,000","-$15,817,000","-$3,569,000","$2,367,000","-$5,936,000","-$3,217,000","-$3,000",--,"-$2,722,000","-$2,722,000","-$2,722,000"
13,13,amzn,"Amazon.com, Inc. Common Stock (AMZN)",12/31/2021,"$469,822,000","$272,344,000","$197,478,000",,--,"$172,599,000",--,--,"$24,879,000","$15,081,000","$39,960,000","$1,809,000","$38,151,000","$4,791,000","$4,000",--,"$33,364,000","$33,364,000","$33,364,000"
14,14,amzn,"Amazon.com, Inc. Common Stock (AMZN)",12/31/2020,"$386,064,000","$233,307,000","$152,757,000",,--,"$129,858,000",--,--,"$22,899,000","$2,926,000","$25,825,000","$1,647,000","$24,178,000","$2,863,000","$16,000",--,"$21,331,000","$21,331,000","$21,331,000"
15,15,amzn,"Amazon.com, Inc. Common Stock (AMZN)",12/31/2019,"$280,522,000","$165,536,000","$114,986,000",,--,"$100,445,000",--,--,"$14,541,000","$1,035,000","$15,576,000","$1,600,000","$13,976,000","$2,374,000","-$14,000",--,"$11,588,000","$11,588,000","$11,588,000"
16,16,tsla,"Tesla, Inc. Common Stock (TSLA)",12/31/2022,"$81,462,000","$60,609,000","$20,853,000",,"$3,075,000","$3,946,000","$176,000",--,"$13,656,000","$254,000","$13,910,000","$191,000","$13,719,000","$1,132,000",--,"-$31,000","$12,556,000","$12,556,000","$12,556,000"
17,17,tsla,"Tesla, Inc. Common Stock (TSLA)",12/31/2021,"$53,823,000","$40,217,000","$13,606,000",,"$2,593,000","$4,517,000","-$27,000",--,"$6,523,000","$191,000","$6,714,000","$371,000","$6,343,000","$699,000",--,"-$125,000","$5,519,000","$5,519,000","$5,519,000"
18,18,tsla,"Tesla, Inc. Common Stock (TSLA)",12/31/2020,"$31,536,000","$24,906,000","$6,630,000",,"$1,491,000","$3,145,000",--,--,"$1,994,000","-$92,000","$1,902,000","$748,000","$1,154,000","$292,000",--,"-$141,000","$721,000","$721,000","$721,000"
19,19,tsla,"Tesla, Inc. Common Stock (TSLA)",12/31/2019,"$24,578,000","$20,509,000","$4,069,000",,"$1,343,000","$2,646,000","$149,000",--,"-$69,000","$89,000","$20,000","$685,000","-$665,000","$110,000",--,"-$87,000","-$862,000","-$862,000","-$862,000"
20,20,v,Visa Inc. (V),9/30/2022,"$29,310,000","$4,990,000","$24,320,000",,--,"$3,778,000","$868,000","$861,000","$18,813,000","-$139,000","$18,674,000","$538,000","$18,136,000","$3,179,000",--,--,"$14,957,000","$14,957,000","$14,957,000"
21,21,v,Visa Inc. (V),9/30/2021,"$24,105,000","$4,240,000","$19,865,000",,--,"$3,254,000","$3,000","$804,000","$15,804,000","$772,000","$16,576,000","$513,000","$16,063,000","$3,752,000",--,--,"$12,311,000","$12,311,000","$12,311,000"
22,22,v,Visa Inc. (V),9/30/2020,"$21,846,000","$3,785,000","$18,061,000",,--,"$3,202,000","$11,000","$767,000","$14,081,000","$225,000","$14,306,000","$516,000","$13,790,000","$2,924,000",--,--,"$10,866,000","$10,866,000","$10,866,000"
23,23,v,Visa Inc. (V),9/30/2019,"$22,977,000","$3,444,000","$19,533,000",,--,"$3,476,000","$400,000","$656,000","$15,001,000","$416,000","$15,417,000","$533,000","$14,884,000","$2,804,000",--,--,"$12,080,000","$12,080,000","$12,080,000"
24,24,ko,Coca-Cola Company (The) Common Stock (KO),12/31/2022,"$43,004,000","$18,000,000","$25,004,000",,--,"$14,095,000",--,--,"$10,909,000","$187,000","$12,568,000","$882,000","$11,686,000","$2,115,000","$1,472,000","-$29,000","$11,014,000","$9,542,000","$9,542,000"
25,25,ko,Coca-Cola Company (The) Common Stock (KO),12/31/2021,"$38,655,000","$15,357,000","$23,298,000",,--,"$12,990,000",--,--,"$10,308,000","$2,276,000","$14,022,000","$1,597,000","$12,425,000","$2,621,000","$1,438,000","-$33,000","$11,209,000","$9,771,000","$9,771,000"
26,26,ko,Coca-Cola Company (The) Common Stock (KO),12/31/2020,"$33,014,000","$13,433,000","$19,581,000",,--,"$10,584,000",--,--,"$8,997,000","$1,211,000","$11,186,000","$1,437,000","$9,749,000","$1,981,000","$978,000","-$21,000","$8,725,000","$7,747,000","$7,747,000"
27,27,ko,Coca-Cola Company (The) Common Stock (KO),12/31/2019,"$37,266,000","$14,619,000","$22,647,000",,--,"$12,561,000",--,--,"$10,086,000","$597,000","$11,732,000","$946,000","$10,786,000","$1,801,000","$1,049,000","-$65,000","$9,969,000","$8,920,000","$8,920,000"
28,28,pep,"PepsiCo, Inc. Common Stock (PEP)",12/31/2022,"$86,392,000","$40,576,000","$45,816,000",,--,"$31,138,000","$3,166,000",--,"$11,512,000","$132,000","$11,644,000","$939,000","$10,705,000","$1,727,000",--,"-$68,000","$8,910,000","$8,910,000","$8,910,000"
29,29,pep,"PepsiCo, Inc. Common Stock (PEP)",12/25/2021,"$79,474,000","$37,075,000","$42,399,000",,--,"$31,237,000",--,--,"$11,162,000","$522,000","$11,684,000","$1,863,000","$9,821,000","$2,142,000",--,"-$61,000","$7,618,000","$7,618,000","$7,618,000"
30,30,pep,"PepsiCo, Inc. Common Stock (PEP)",12/26/2020,"$70,372,000","$31,797,000","$38,575,000",,--,"$28,453,000","$42,000",--,"$10,080,000","$117,000","$10,197,000","$1,128,000","$9,069,000","$1,894,000",--,"-$55,000","$7,120,000","$7,120,000","$7,120,000"
31,31,pep,"PepsiCo, Inc. Common Stock (PEP)",12/28/2019,"$67,161,000","$30,132,000","$37,029,000",,--,"$26,738,000",--,--,"$10,291,000","-$44,000","$10,247,000","$935,000","$9,312,000","$1,959,000",--,"-$39,000","$7,314,000","$7,314,000","$7,314,000"
32,32,sony,Sony Group Corporation American Depositary Shares (SONY),3/31/2023,"$86,707,000","$63,107,000","$23,600,000",,--,"$14,706,000",--,--,"$9,078,000","$233,000","$9,312,000","$443,000","$8,869,000","$1,778,000","$184,000",--,"$7,274,000","$7,090,000","$7,090,000"
33,33,sony,Sony Group Corporation American Depositary Shares (SONY),3/31/2022,"$81,743,000","$59,484,000","$22,259,000",,--,"$12,547,000",--,--,"$9,906,000","$159,000","$10,065,000","$858,000","$9,207,000","$1,888,000","$195,000",--,"$7,514,000","$7,320,000","$7,320,000"
34,34,sony,Sony Group Corporation American Depositary Shares (SONY),3/31/2021,"$81,436,000","$59,435,000","$22,001,000",,--,"$13,461,000",--,--,"$8,645,000","$758,000","$9,403,000","$372,000","$9,031,000","-$416,000","$105,000",--,"$9,552,000","$9,447,000","$9,447,000"
35,35,sony,Sony Group Corporation American Depositary Shares (SONY),4/1/2020,"$76,512,000","$54,884,000","$21,628,000",,--,"$13,886,000",--,--,"$7,832,000","-$323,000","$7,508,000","$103,000","$7,405,000","$1,641,000","$89,000","-$371,000","$5,482,000","$5,393,000","$5,393,000"
36,36,xom,Exxon Mobil Corporation Common Stock (XOM),12/31/2022,"$398,675,000","$271,568,000","$127,107,000",,--,"$38,496,000","$1,025,000","$24,040,000","$63,546,000","$3,542,000","$78,551,000","$798,000","$77,753,000","$20,176,000","$11,463,000","-$1,837,000","$67,203,000","$55,740,000","$55,740,000"
37,37,xom,Exxon Mobil Corporation Common Stock (XOM),12/31/2021,"$276,692,000","$191,199,000","$85,493,000",,--,"$40,599,000","$1,054,000","$20,607,000","$23,233,000","$2,291,000","$32,181,000","$947,000","$31,234,000","$7,636,000","$6,657,000","-$558,000","$29,697,000","$23,040,000","$23,040,000"
38,38,xom,Exxon Mobil Corporation Common Stock (XOM),12/31/2020,"$178,574,000","$124,438,000","$54,136,000",,--,"$37,495,000","$1,285,000","$46,009,000","-$30,653,000","$1,196,000","-$27,725,000","$1,158,000","-$28,883,000","-$5,632,000","$1,732,000","$811,000","-$20,708,000","-$22,440,000","-$22,440,000"
39,39,xom,Exxon Mobil Corporation Common Stock (XOM),12/31/2019,"$255,583,000","$180,627,000","$74,956,000",,--,"$43,158,000","$1,269,000","$18,998,000","$11,531,000","$3,914,000","$20,886,000","$830,000","$20,056,000","$5,282,000","$5,441,000","-$434,000","$19,781,000","$14,340,000","$14,340,000"
40,40,shel,Shell PLC American Depositary Shares (each representing two (2) Ordinary Shares) (SHEL),12/31/2022,"$381,314,000","$284,006,000","$97,308,000",,"$1,075,000","$12,883,000","$1,712,000","$18,529,000","$63,109,000","$915,000","$67,996,000","$3,181,000","$64,815,000","$21,941,000","$3,972,000","-$565,000","$46,281,000","$42,309,000","$42,309,000"
41,41,shel,Shell PLC American Depositary Shares (each representing two (2) Ordinary Shares) (SHEL),12/31/2021,"$261,504,000","$198,734,000","$62,770,000",,"$815,000","$11,328,000","$1,423,000","$26,921,000","$22,283,000","$7,056,000","$33,436,000","$3,607,000","$29,829,000","$9,199,000","$4,097,000","-$529,000","$24,198,000","$20,101,000","$20,101,000"
42,42,shel,Shell PLC American Depositary Shares (each representing two (2) Ordinary Shares) (SHEL),12/31/2020,"$180,543,000","$141,094,000","$39,449,000",,"$907,000","$9,881,000","$1,747,000","$52,444,000","-$25,530,000","$869,000","-$22,878,000","$4,089,000","-$26,967,000","-$5,433,000","$1,783,000","-$146,000","-$19,897,000","-$21,680,000","-$21,680,000"
43,43,shel,Shell PLC American Depositary Shares (each representing two (2) Ordinary Shares) (SHEL),12/31/2019,"$344,877,000","$279,421,000","$65,456,000",,"$962,000","$10,493,000","$2,354,000","$28,701,000","$22,946,000","$3,625,000","$30,175,000","$4,690,000","$25,485,000","$9,053,000","$3,604,000","-$590,000","$19,446,000","$15,842,000","$15,842,000"
44,0,cvx,Chevron Corporation Common Stock (CVX),12/31/2022,"$235,717,000","$170,130,000","$65,587,000",,--,"$8,639,000","$974,000","$16,319,000","$39,655,000","$1,950,000","$50,190,000","$516,000","$49,674,000","$14,066,000","$8,585,000","-$143,000","$44,050,000","$35,465,000","$35,465,000"
45,1,cvx,Chevron Corporation Common Stock (CVX),12/31/2021,"$155,606,000","$112,975,000","$42,631,000",,--,"$8,665,000","$549,000","$17,925,000","$15,492,000","$1,202,000","$22,351,000","$712,000","$21,639,000","$5,950,000","$5,657,000","-$64,000","$21,282,000","$15,625,000","$15,625,000"
46,2,cvx,Chevron Corporation Common Stock (CVX),12/31/2020,"$94,471,000","$72,471,000","$22,000,000",,--,"$7,932,000","$1,537,000","$19,508,000","-$6,977,000","$693,000","-$6,756,000","$697,000","-$7,453,000","-$1,892,000","-$472,000","$18,000","-$6,015,000","-$5,543,000","-$5,543,000"
47,3,cvx,Chevron Corporation Common Stock (CVX),12/31/2019,"$139,865,000","$101,498,000","$38,367,000",,--,"$8,696,000","$770,000","$29,218,000","-$317,000","$2,683,000","$6,334,000","$798,000","$5,536,000","$2,691,000","$3,968,000","$79,000","$6,892,000","$2,924,000","$2,924,000"
48,4,hsbc,"HSBC Holdings, plc. Common Stock (HSBC)",12/31/2022,"$86,423,000",--,--,,--,"$41,704,000",--,"$7,465,000",--,--,"$39,977,000",--,"$17,528,000","$858,000","$2,723,000",--,"$19,393,000","$16,670,000","$16,670,000"
49,5,hsbc,"HSBC Holdings, plc. Common Stock (HSBC)",12/31/2021,"$73,639,000",--,--,,--,"$44,722,000","$587,000","$2,771,000",--,--,"$28,605,000",--,"$18,906,000","$4,213,000","$3,046,000",--,"$17,739,000","$14,693,000","$14,693,000"
50,6,hsbc,"HSBC Holdings, plc. Common Stock (HSBC)",12/31/2020,"$77,252,000",--,--,,--,"$41,836,000","$41,000","$14,017,000",--,--,"$22,955,000",--,"$8,777,000","$2,678,000","$1,597,000",--,"$7,696,000","$6,099,000","$6,099,000"
51,7,hsbc,"HSBC Holdings, plc. Common Stock (HSBC)",12/31/2019,"$95,257,000",--,--,,--,"$46,756,000","$7,349,000","$5,926,000",--,--,"$37,580,000",--,"$13,347,000","$4,639,000","$2,354,000",--,"$11,062,000","$8,708,000","$8,708,000"
52,8,jpm,JP Morgan Chase & Co. Common Stock (JPM),12/31/2022,"$122,306,000",--,"$122,306,000",,--,"$76,140,000",--,"$6,389,000","$46,166,000",--,"$72,263,000","$26,097,000","$46,166,000","$8,490,000",--,--,"$37,676,000","$37,676,000","$35,892,000"
53,9,jpm,JP Morgan Chase & Co. Common Stock (JPM),12/31/2021,"$130,905,000",--,"$130,905,000",,--,"$71,343,000",--,"-$9,256,000","$59,562,000",--,"$65,115,000","$5,553,000","$59,562,000","$11,228,000",--,--,"$48,334,000","$48,334,000","$46,503,000"
54,10,jpm,JP Morgan Chase & Co. Common Stock (JPM),12/31/2020,"$102,471,000",--,"$102,471,000",,--,"$66,656,000",--,"$17,480,000","$35,815,000",--,"$45,775,000","$9,960,000","$35,815,000","$6,684,000",--,--,"$29,131,000","$29,131,000","$27,410,000"
55,11,jpm,JP Morgan Chase & Co. Common Stock (JPM),12/31/2019,"$110,135,000",--,"$110,135,000",,--,"$65,269,000",--,"$5,585,000","$44,866,000",--,"$71,661,000","$26,795,000","$44,866,000","$8,435,000",--,--,"$36,431,000","$36,431,000","$34,642,000"
56,12,bac,Bank of America Corporation Common Stock (BAC),12/31/2022,"$115,053,000",--,--,,--,"$61,438,000",--,"$2,543,000",--,--,"$51,072,000",--,"$30,969,000","$3,441,000",--,--,"$27,528,000","$27,528,000","$26,015,000"
57,13,bac,Bank of America Corporation Common Stock (BAC),12/31/2021,"$93,851,000",--,--,,--,"$59,731,000",--,"-$4,594,000",--,--,"$38,714,000",--,"$33,976,000","$1,998,000",--,--,"$31,978,000","$31,978,000","$30,557,000"
58,14,bac,Bank of America Corporation Common Stock (BAC),12/31/2020,"$93,753,000",--,--,,--,"$55,213,000",--,"$11,320,000",--,--,"$27,220,000",--,"$18,995,000","$1,101,000",--,--,"$17,894,000","$17,894,000","$16,473,000"
59,15,bac,Bank of America Corporation Common Stock (BAC),12/31/2019,"$113,589,000",--,--,,--,"$54,900,000",--,"$3,590,000",--,--,"$55,099,000",--,"$32,754,000","$5,324,000",--,--,"$27,430,000","$27,430,000","$25,998,000"
60,16,lly,Eli Lilly and Company Common Stock (LLY),12/31/2022,"$28,541,400","$6,629,800","$21,911,600",,"$7,190,800","$6,440,400","$1,153,100",--,"$7,127,300","-$320,900","$6,806,400",--,"$6,806,400","$561,600",--,--,"$6,244,800","$6,244,800","$6,244,800"
61,17,lly,Eli Lilly and Company Common Stock (LLY),12/31/2021,"$28,318,400","$7,312,800","$21,005,600",,"$6,930,700","$6,431,600","$1,286,200",--,"$6,357,100","-$201,600","$6,155,500",--,"$6,155,500","$573,800",--,--,"$5,581,700","$5,581,700","$5,581,700"
62,18,lly,Eli Lilly and Company Common Stock (LLY),12/31/2020,"$24,539,800","$5,483,300","$19,056,500",,"$5,976,300","$6,121,200","$901,000",--,"$6,058,000","$1,171,900","$7,229,900",--,"$7,229,900","$1,036,200",--,--,"$6,193,700","$6,193,700","$6,193,700"
63,19,lly,Eli Lilly and Company Common Stock (LLY),12/31/2019,"$22,319,500","$4,721,200","$17,598,300",,"$5,595,000","$6,213,800","$815,200",--,"$4,974,300","$291,600","$5,265,900",--,"$5,265,900","$628,000",--,--,"$4,637,900","$8,318,400","$8,318,400"
64,20,unh,UnitedHealth Group Incorporated Common Stock (DE) (UNH),12/31/2022,"$324,162,000","$210,842,000","$113,320,000",,--,--,--,"$84,885,000","$28,435,000",--,"$28,435,000","$2,092,000","$26,343,000","$5,704,000",--,"-$519,000","$20,639,000","$20,120,000","$20,120,000"
65,21,unh,UnitedHealth Group Incorporated Common Stock (DE) (UNH),12/31/2021,"$287,597,000","$186,911,000","$100,686,000",,--,--,--,"$76,716,000","$23,970,000",--,"$23,970,000","$1,660,000","$22,310,000","$4,578,000",--,"-$447,000","$17,732,000","$17,285,000","$17,285,000"
66,22,unh,UnitedHealth Group Incorporated Common Stock (DE) (UNH),12/31/2020,"$257,141,000","$159,396,000","$97,745,000",,--,--,--,"$75,340,000","$22,405,000",--,"$22,405,000","$1,663,000","$20,742,000","$4,973,000",--,"-$366,000","$15,769,000","$15,403,000","$15,403,000"
67,23,unh,UnitedHealth Group Incorporated Common Stock (DE) (UNH),12/31/2019,"$242,155,000","$156,440,000","$85,715,000",,--,--,--,"$66,030,000","$19,685,000",--,"$19,685,000","$1,704,000","$17,981,000","$3,742,000",--,"-$400,000","$14,239,000","$13,839,000","$13,839,000"
68,24,nvo,Novo Nordisk A/S Common Stock (NVO),12/31/2022,"$25,396,000","$4,083,000","$21,313,000",,"$3,451,000","$7,126,000",--,--,"$10,736,000","$34,000","$10,771,000","$859,000","$9,912,000","$1,943,000",--,--,"$7,969,000","$7,969,000","$7,969,000"
69,25,nvo,Novo Nordisk A/S Common Stock (NVO),12/31/2021,"$21,528,000","$3,617,000","$17,911,000",,"$2,717,000","$6,227,000",--,--,"$8,967,000","$441,000","$9,408,000","$375,000","$9,033,000","$1,731,000",--,--,"$7,302,000","$7,302,000","$7,302,000"
70,26,nvo,Novo Nordisk A/S Common Stock (NVO),12/31/2020,"$20,867,000","$3,441,000","$17,426,000",,"$2,542,000","$5,987,000",--,--,"$8,897,000","$268,000","$9,164,000","$431,000","$8,733,000","$1,807,000",--,--,"$6,927,000","$6,927,000","$6,927,000"
71,27,nvo,Novo Nordisk A/S Common Stock (NVO),12/31/2017,"$18,014,000","$2,844,000","$15,171,000",,"$2,260,000","$5,013,000",--,--,"$7,897,000","$201,000","$8,098,000","$247,000","$7,851,000","$1,702,000",--,--,"$6,150,000","$6,150,000","$6,150,000"
72,28,tmo,Thermo Fisher Scientific Inc Common Stock (TMO),12/31/2022,"$44,915,000","$25,944,000","$18,971,000",,"$1,471,000","$8,993,000","$114,000",--,"$8,393,000","$168,000","$8,561,000","$726,000","$7,835,000","$703,000","-$172,000","-$10,000","$6,950,000","$6,950,000","$6,950,000"
73,29,tmo,Thermo Fisher Scientific Inc Common Stock (TMO),12/31/2021,"$39,211,000","$19,573,000","$19,638,000",,"$1,406,000","$8,007,000","$197,000",--,"$10,028,000","-$651,000","$9,377,000","$536,000","$8,841,000","$1,109,000","-$4,000","-$3,000","$7,725,000","$7,725,000","$7,725,000"
74,30,tmo,Thermo Fisher Scientific Inc Common Stock (TMO),12/31/2020,"$32,218,000","$16,214,000","$16,004,000",,"$1,181,000","$6,930,000","$99,000",--,"$7,794,000","-$11,000","$7,783,000","$553,000","$7,230,000","$850,000","-$3,000","-$2,000","$6,375,000","$6,375,000","$6,375,000"
75,31,tmo,Thermo Fisher Scientific Inc Common Stock (TMO),12/31/2019,"$25,542,000","$14,214,000","$11,328,000",,"$1,003,000","$6,144,000","-$413,000",--,"$4,594,000","$154,000","$4,748,000","$676,000","$4,072,000","$374,000",--,"-$2,000","$3,696,000","$3,696,000","$3,696,000"
76,32,dhr,Danaher Corporation Common Stock (DHR),12/31/2022,"$31,471,000","$12,522,000","$18,949,000",,"$1,745,000","$8,516,000",--,--,"$8,688,000","-$185,000","$8,503,000","$211,000","$8,292,000","$1,083,000",--,--,"$7,209,000","$7,209,000","$7,103,000"
77,33,dhr,Danaher Corporation Common Stock (DHR),12/31/2021,"$29,453,000","$11,501,000","$17,952,000",,"$1,742,000","$8,745,000",--,--,"$7,465,000","$371,000","$7,836,000","$238,000","$7,598,000","$1,251,000",--,--,"$6,347,000","$6,433,000","$6,269,000"
78,34,dhr,Danaher Corporation Common Stock (DHR),12/31/2020,"$22,284,000","$9,809,000","$12,475,000",,"$1,348,000","$6,896,000",--,--,"$4,231,000","$539,000","$4,770,000","$275,000","$4,495,000","$849,000",--,--,"$3,646,000","$3,646,000","$3,510,000"
79,35,dhr,Danaher Corporation Common Stock (DHR),12/31/2019,"$17,911,000","$7,927,000","$9,984,000",,"$1,126,000","$5,589,000",--,--,"$3,269,000","$144,000","$3,413,000","$108,000","$3,305,000","$873,000",--,--,"$2,432,000","$3,008,000","$2,940,000"
80,36,lin,Linde plc Ordinary Shares (LIN),12/31/2022,"$33,364,000","$19,450,000","$13,914,000",,"$143,000","$4,198,000",--,"$4,204,000","$5,369,000","$237,000","$5,606,000","$63,000","$5,543,000","$1,434,000","$172,000","-$134,000","$4,147,000","$4,147,000","$4,147,000"
81,37,lin,Linde plc Ordinary Shares (LIN),12/31/2021,"$30,793,000","$17,543,000","$13,250,000",,"$143,000","$3,488,000",--,"$4,635,000","$4,984,000","$192,000","$5,176,000","$77,000","$5,099,000","$1,262,000","$119,000","-$135,000","$3,821,000","$3,826,000","$3,826,000"
82,38,lin,Linde plc Ordinary Shares (LIN),12/31/2020,"$27,243,000","$15,383,000","$11,860,000",,"$152,000","$3,760,000",--,"$4,626,000","$3,322,000","$177,000","$3,499,000","$115,000","$3,384,000","$847,000","$85,000","-$125,000","$2,497,000","$2,501,000","$2,501,000"
83,39,lin,Linde plc Ordinary Shares (LIN),12/31/2019,"$28,228,000","$16,644,000","$11,584,000",,"$184,000","$3,956,000",--,"$4,675,000","$2,933,000","$196,000","$3,129,000","$38,000","$3,091,000","$769,000","$114,000","-$96,000","$2,340,000","$2,285,000","$2,285,000"
84,40,ferg,Ferguson plc Ordinary Shares (FERG),7/31/2022,"$28,566,000","$19,810,000","$8,756,000",,--,"$5,635,000",--,"$301,000","$2,820,000","-$1,000","$2,819,000","$111,000","$2,708,000","$609,000",--,--,"$2,099,000","$2,122,000","$2,122,000"
85,41,ferg,Ferguson plc Ordinary Shares (FERG),7/31/2021,"$22,792,000","$15,812,000","$6,980,000",,--,"$4,732,000",--,"$298,000","$1,950,000","$10,000","$1,960,000","$98,000","$1,862,000","$232,000",--,--,"$1,630,000","$1,472,000","$1,472,000"
86,42,ferg,Ferguson plc Ordinary Shares (FERG),7/31/2020,"$19,940,000","$13,957,000","$5,983,000",,--,"$4,329,000",--,"$282,000","$1,372,000","-$7,000","$1,365,000","$93,000","$1,272,000","$299,000",--,--,"$973,000","$961,000","$961,000"
87,43,ferg,Ferguson plc Ordinary Shares (FERG),,,,,,,,,,,,,,,,,,,,
88,44,dlb,Dolby Laboratories Common Stock (DLB),9/30/2022,"$1,253,793","$141,360","$1,112,433",,"$261,174","$634,031","$10,623",--,"$206,605","$9,068","$215,673",$394,"$215,279","$31,381",--,$189,"$184,087","$184,087","$184,087"
89,45,dlb,Dolby Laboratories Common Stock (DLB),9/24/2021,"$1,281,256","$130,025","$1,151,231",,"$253,640","$556,832","$10,240",--,"$344,390","$24,472","$354,991",$479,"$354,512","$36,689",--,"-$7,596","$310,227","$310,227","$310,227"
90,46,dlb,Dolby Laboratories Common Stock (DLB),9/25/2020,"$1,161,792","$146,498","$1,015,294",,"$239,045","$555,686","$1,821",--,"$218,742","$21,159","$239,901",$186,"$239,715","$8,096",--,-$256,"$231,363","$231,363","$231,363"
91,47,dlb,Dolby Laboratories Common Stock (DLB),9/27/2019,"$1,241,620","$160,854","$1,080,766",,"$237,871","$549,260","$36,558",--,"$257,077","$25,400","$282,477",$170,"$282,307","$26,802",--,-$354,"$255,151","$255,151","$255,151"
92,48,cae,CAE Inc. Ordinary Shares (CAE),3/31/2023,"$3,105,800","$2,244,100","$861,800",,"$105,700","$397,700","$47,500",--,"$350,200",--,"$350,200","$131,300","$218,900","$47,600","$39,300",--,"$210,700","$171,400","$171,400"
93,49,cae,CAE Inc. Ordinary Shares (CAE),3/31/2022,"$2,699,100","$1,934,100","$765,000",,"$96,700","$362,000","$117,600",--,"$227,500",--,"$227,600","$104,600","$123,000","$2,900","$38,800",--,"$158,900","$120,100","$120,100"
94,50,cae,CAE Inc. Ordinary Shares (CAE),3/31/2021,"$2,372,500","$1,763,900","$608,700",,"$83,300","$390,400","$98,700",--,"$38,500",--,"$38,500","$107,900","-$69,400","-$31,600","$2,100",--,"-$35,600","-$37,800","-$37,800"
95,51,cae,CAE Inc. Ordinary Shares (CAE),3/31/2020,"$2,545,500","$1,784,200","$761,300",,"$96,600","$295,600","$11,100",--,"$377,300",--,"$377,400","$101,500","$275,900","$51,800","$19,300",--,"$243,400","$224,000","$224,000"
96,52,pld,"Prologis, Inc. Common Stock (PLD)",12/31/2022,"$5,973,692","$1,205,738","$4,767,954",,--,"$674,775",--,"$1,812,777","$2,280,402","$1,408,573","$3,999,847","$309,037","$3,690,810","$135,412","$310,872","-$190,542","$3,655,544","$3,364,856","$3,358,796"
97,53,pld,"Prologis, Inc. Common Stock (PLD)",12/31/2021,"$4,759,440","$1,041,316","$3,718,124",,--,"$522,773",--,"$1,577,942","$1,617,409","$1,567,412","$3,589,076","$266,228","$3,322,848","$174,258","$404,255","-$208,867","$3,156,525","$2,939,723","$2,933,571"
98,54,pld,"Prologis, Inc. Common Stock (PLD)",12/31/2020,"$4,438,735","$952,063","$3,486,672",,--,"$522,896",--,"$1,561,969","$1,401,807","$362,418","$2,061,595","$314,507","$1,747,088","$130,458","$297,370","-$134,816","$1,590,894","$1,481,814","$1,473,122"
99,55,pld,"Prologis, Inc. Common Stock (PLD)",12/31/2019,"$3,330,621","$734,266","$2,596,355",,--,"$464,528",--,"$1,139,879","$991,948","$824,190","$2,016,316","$239,953","$1,776,363","$74,517","$200,178","-$128,887","$1,757,011","$1,572,959","$1,566,950"
100,56,amt,American Tower Corporation (REIT) Common Stock (AMT),12/31/2022,"$10,711,100","$3,263,800","$7,447,300",,--,"$1,739,900",--,"$3,355,100","$2,352,300","$504,900","$2,857,200","$1,136,500","$1,720,700","$24,000",--,"$69,100","$1,765,800","$1,765,800","$1,765,800"
101,57,amt,American Tower Corporation (REIT) Common Stock (AMT),12/31/2021,"$9,356,900","$2,682,000","$6,674,900",,--,"$1,210,300",--,"$2,332,600","$3,132,000","$568,300","$3,700,300","$870,900","$2,829,400","$261,800",--,$100,"$2,567,700","$2,567,700","$2,567,700"
102,58,amt,American Tower Corporation (REIT) Common Stock (AMT),12/31/2020,"$8,041,500","$2,227,200","$5,814,300",,--,"$1,044,500",--,"$1,882,300","$2,887,500","-$272,900","$2,614,600","$793,500","$1,821,100","$129,600",--,-$900,"$1,690,600","$1,690,600","$1,690,600"
103,59,amt,American Tower Corporation (REIT) Common Stock (AMT),12/31/2019,"$7,580,300","$2,216,800","$5,363,500",,--,"$896,700",--,"$1,778,400","$2,688,400","$42,200","$2,730,600","$814,200","$1,916,400",-$200,--,"-$28,800","$1,887,800","$1,887,800","$1,887,800"
104,60,eqix,"Equinix, Inc. Common Stock REIT (EQIX)",12/31/2022,"$7,263,105","$3,751,501","$3,511,604",,--,"$2,307,100",--,--,"$1,200,528","-$18,798","$1,185,706","$356,337","$829,369","$124,792",--,-$232,"$704,345","$704,345","$704,345"
105,61,eqix,"Equinix, Inc. Common Stock REIT (EQIX)",12/31/2021,"$6,635,537","$3,472,422","$3,163,115",,--,"$2,065,798",--,--,"$1,108,162","-$152,283","$945,034","$336,082","$608,952","$109,224",--,$463,"$500,191","$500,191","$500,191"
106,62,eqix,"Equinix, Inc. Common Stock REIT (EQIX)",12/31/2020,"$5,998,545","$3,074,340","$2,924,205",,--,"$1,865,272","$7,306",--,"$1,052,928","-$128,936","$922,691","$406,466","$516,225","$146,151",--,-$297,"$369,777","$369,777","$369,777"
107,63,eqix,"Equinix, Inc. Common Stock REIT (EQIX)",12/31/2019,"$5,562,140","$2,810,184","$2,751,956",,--,"$1,610,845","$15,790",--,"$1,169,631","$46,960","$1,172,281","$479,684","$692,597","$185,352",--,$205,"$507,450","$507,450","$507,450"
108,64,aapl,Apple Inc. Common Stock (AAPL),9/24/2022,"$394,328,000","$223,546,000","$170,782,000",,"$26,251,000","$25,094,000",--,--,"$119,437,000","-$334,000","$119,103,000",--,"$119,103,000","$19,300,000",--,--,"$99,803,000","$99,803,000","$99,803,000"
109,65,aapl,Apple Inc. Common Stock (AAPL),9/25/2021,"$365,817,000","$212,981,000","$152,836,000",,"$21,914,000","$21,973,000",--,--,"$108,949,000","$258,000","$109,207,000",--,"$109,207,000","$14,527,000",--,--,"$94,680,000","$94,680,000","$94,680,000"
110,66,aapl,Apple Inc. Common Stock (AAPL),9/26/2020,"$274,515,000","$169,559,000","$104,956,000",,"$18,752,000","$19,916,000",--,--,"$66,288,000","$803,000","$67,091,000",--,"$67,091,000","$9,680,000",--,--,"$57,411,000","$57,411,000","$57,411,000"
111,67,aapl,Apple Inc. Common Stock (AAPL),9/28/2019,"$260,174,000","$161,782,000","$98,392,000",,"$16,217,000","$18,245,000",--,--,"$63,930,000","$1,807,000","$65,737,000",--,"$65,737,000","$10,481,000",--,--,"$55,256,000","$55,256,000","$55,256,000"
112,68,msft,Microsoft Corporation Common Stock (MSFT),6/30/2023,"$211,915,000","$65,863,000","$146,052,000",,"$27,195,000","$30,334,000",--,--,"$88,523,000","$788,000","$89,311,000",--,"$89,311,000","$16,950,000",--,--,"$72,361,000","$72,361,000","$72,361,000"
113,69,msft,Microsoft Corporation Common Stock (MSFT),6/30/2022,"$198,270,000","$62,650,000","$135,620,000",,"$24,512,000","$27,725,000",--,--,"$83,383,000","$333,000","$83,716,000",--,"$83,716,000","$10,978,000",--,--,"$72,738,000","$72,738,000","$72,738,000"
114,70,msft,Microsoft Corporation Common Stock (MSFT),6/30/2021,"$168,088,000","$52,232,000","$115,856,000",,"$20,716,000","$25,224,000",--,--,"$69,916,000","$1,186,000","$71,102,000",--,"$71,102,000","$9,831,000",--,--,"$61,271,000","$61,271,000","$61,271,000"
115,71,msft,Microsoft Corporation Common Stock (MSFT),6/30/2020,"$143,015,000","$46,078,000","$96,937,000",,"$19,269,000","$24,709,000",--,--,"$52,959,000","$77,000","$53,036,000",--,"$53,036,000","$8,755,000",--,--,"$44,281,000","$44,281,000","$44,281,000"
116,72,goog,Alphabet Inc. Class C Capital Stock (GOOG),12/31/2022,"$282,836,000","$126,203,000","$156,633,000",,"$39,500,000","$42,291,000",--,--,"$74,842,000","-$3,514,000","$71,328,000",--,"$71,328,000","$11,356,000",--,--,"$59,972,000","$59,972,000","$59,972,000"
117,73,goog,Alphabet Inc. Class C Capital Stock (GOOG),12/31/2021,"$257,637,000","$110,939,000","$146,698,000",,"$31,562,000","$36,422,000",--,--,"$78,714,000","$12,020,000","$90,734,000",--,"$90,734,000","$14,701,000",--,--,"$76,033,000","$76,033,000","$76,033,000"
118,74,goog,Alphabet Inc. Class C Capital Stock (GOOG),12/31/2020,"$182,527,000","$84,732,000","$97,795,000",,"$27,573,000","$28,998,000",--,--,"$41,224,000","$6,858,000","$48,082,000",--,"$48,082,000","$7,813,000",--,--,"$40,269,000","$40,269,000","$40,269,000"
119,75,goog,Alphabet Inc. Class C Capital Stock (GOOG),12/31/2019,"$161,857,000","$71,896,000","$89,961,000",,"$26,018,000","$29,712,000",--,--,"$34,231,000","$5,394,000","$39,625,000",--,"$39,625,000","$5,282,000",--,--,"$34,343,000","$34,343,000","$34,343,000"
120,76,csco,"Cisco Systems, Inc. Common Stock (DE) (CSCO)",7/29/2023,"$56,998,000","$21,245,000","$35,753,000",,"$7,551,000","$12,358,000","$531,000","$282,000","$15,031,000","$714,000","$15,745,000","$427,000","$15,318,000","$2,705,000",--,--,"$12,613,000","$12,613,000","$12,613,000"
121,77,csco,"Cisco Systems, Inc. Common Stock (DE) (CSCO)",7/30/2022,"$51,557,000","$19,309,000","$32,248,000",,"$6,774,000","$11,186,000","$6,000","$313,000","$13,969,000","$868,000","$14,837,000","$360,000","$14,477,000","$2,665,000",--,--,"$11,812,000","$11,812,000","$11,812,000"
122,78,csco,"Cisco Systems, Inc. Common Stock (DE) (CSCO)",7/31/2021,"$49,818,000","$17,924,000","$31,894,000",,"$6,549,000","$11,411,000","$886,000","$215,000","$12,833,000","$863,000","$13,696,000","$434,000","$13,262,000","$2,671,000",--,--,"$10,591,000","$10,591,000","$10,591,000"
123,79,csco,"Cisco Systems, Inc. Common Stock (DE) (CSCO)",7/25/2020,"$49,301,000","$17,618,000","$31,683,000",,"$6,347,000","$11,094,000","$481,000","$141,000","$13,620,000","$935,000","$14,555,000","$585,000","$13,970,000","$2,756,000",--,--,"$11,214,000","$11,214,000","$11,214,000"
124,80,cmcsa,Comcast Corporation Class A Common Stock (CMCSA),12/31/2022,"$121,427,000","$38,213,000","$83,214,000",,--,"$46,769,000","$8,583,000","$13,821,000","$14,041,000","-$861,000","$13,180,000","$3,896,000","$9,284,000","$4,359,000",--,"$445,000","$5,370,000","$5,370,000","$5,370,000"
125,81,cmcsa,Comcast Corporation Class A Common Stock (CMCSA),12/31/2021,"$116,385,000","$38,450,000","$77,935,000",,--,"$43,314,000",--,"$13,804,000","$20,817,000","$2,557,000","$23,374,000","$4,281,000","$19,093,000","$5,259,000",--,"$325,000","$14,159,000","$14,159,000","$14,159,000"
126,82,cmcsa,Comcast Corporation Class A Common Stock (CMCSA),12/31/2020,"$103,564,000","$33,121,000","$70,443,000",,--,"$39,850,000",--,"$13,100,000","$17,493,000","$1,160,000","$18,653,000","$4,588,000","$14,065,000","$3,364,000",--,"-$167,000","$10,534,000","$10,534,000","$10,534,000"
127,83,cmcsa,Comcast Corporation Class A Common Stock (CMCSA),12/31/2019,"$108,942,000","$34,440,000","$74,502,000",,--,"$40,424,000",--,"$12,953,000","$21,125,000","$438,000","$21,563,000","$4,567,000","$16,996,000","$3,673,000",--,"-$266,000","$13,057,000","$13,057,000","$13,057,000"
128,84,tbc,AT&T Inc. 5.625% Global Notes due 2067 (TBC),12/31/2022,"$120,741,000","$50,848,000","$69,893,000",,--,"$28,961,000","$27,498,000","$18,021,000","-$4,587,000","$5,810,000","$3,014,000","$6,108,000","-$3,094,000","$3,780,000","$1,791,000","-$1,469,000","-$6,874,000","-$8,524,000","-$8,727,000"
129,85,tbc,AT&T Inc. 5.625% Global Notes due 2067 (TBC),12/31/2021,"$134,038,000","$60,407,000","$73,631,000",,--,"$29,669,000","$213,000","$17,852,000","$25,897,000","$9,387,000","$35,887,000","$6,716,000","$29,171,000","$5,395,000","$603,000","-$1,398,000","$23,776,000","$20,081,000","$19,874,000"
130,86,tbc,AT&T Inc. 5.625% Global Notes due 2067 (TBC),12/31/2020,"$143,050,000","$65,651,000","$77,399,000",,--,"$30,817,000","$15,687,000","$22,523,000","$8,372,000","-$1,088,000","$7,373,000","$7,727,000","-$354,000","$1,168,000","$89,000","-$1,355,000","-$1,522,000","-$5,176,000","-$5,369,000"
131,87,tbc,AT&T Inc. 5.625% Global Notes due 2067 (TBC),12/31/2019,"$181,193,000","$84,141,000","$97,052,000",,--,"$39,422,000","$1,458,000","$28,217,000","$27,955,000","-$1,071,000","$26,890,000","$8,422,000","$18,468,000","$3,493,000","$6,000","-$1,072,000","$13,909,000","$13,903,000","$13,900,000"
132,88,ngg,"National Grid Transco, PLC National Grid PLC (NEW) American Depositary Shares (NGG)",3/31/2023,"$26,781,000",--,"$26,781,000",,--,"$20,476,000","$272,000",--,"$6,033,000","$171,000","$6,415,000","$1,976,000","$4,439,000","$1,083,000","$211,000",--,"$3,356,000","$9,641,000","$9,641,000"
133,89,ngg,"National Grid Transco, PLC National Grid PLC (NEW) American Depositary Shares (NGG)",3/31/2022,"$24,291,000",--,"$24,291,000",,--,"$18,316,000","$220,000",--,"$5,755,000","$66,000","$5,942,000","$1,411,000","$4,531,000","$1,656,000","$121,000",--,"$2,874,000","$3,099,000","$3,099,000"
134,90,ngg,"National Grid Transco, PLC National Grid PLC (NEW) American Depositary Shares (NGG)",3/31/2021,"$18,854,000",--,"$18,854,000",,--,"$15,093,000","$448,000",--,"$3,313,000","$80,000","$3,473,000","$1,177,000","$2,296,000","$497,000","$80,000",--,"$1,799,000","$2,264,000","$2,264,000"
135,91,ngg,"National Grid Transco, PLC National Grid PLC (NEW) American Depositary Shares (NGG)",3/31/2020,"$16,566,000",--,"$16,566,000",,--,"$13,450,000","$290,000",--,"$2,826,000","$67,000","$3,001,000","$1,265,000","$1,736,000","$459,000","$108,000",--,"$1,277,000","$1,569,000","$1,569,000"
136,92,so,Southern Company (The) Common Stock (SO),12/31/2022,"$29,279,000","$18,458,000","$10,821,000",,--,"$1,594,000","$251,000","$3,663,000","$5,370,000","$781,000","$6,245,000","$2,022,000","$4,223,000","$795,000","$151,000","$107,000","$3,686,000","$3,686,000","$3,524,000"
137,93,so,Southern Company (The) Common Stock (SO),12/31/2021,"$23,113,000","$13,052,000","$10,061,000",,--,"$2,982,000","$2,000","$3,565,000","$3,698,000","$825,000","$4,413,000","$1,837,000","$2,576,000","$267,000","$76,000","$99,000","$2,484,000","$2,484,000","$2,393,000"
138,94,so,Southern Company (The) Common Stock (SO),12/31/2020,"$20,375,000","$10,478,000","$9,897,000",,--,"$1,559,000",--,"$3,518,000","$4,885,000","$344,000","$5,317,000","$1,821,000","$3,496,000","$393,000","$153,000","$31,000","$3,287,000","$3,287,000","$3,119,000"
139,95,so,Southern Company (The) Common Stock (SO),12/31/2019,"$21,419,000","$11,816,000","$9,603,000",,--,"$1,230,000","$168,000","$3,038,000","$7,736,000","$2,949,000","$8,278,000","$1,736,000","$6,542,000","$1,798,000","$162,000","$10,000","$4,916,000","$4,916,000","$4,739,000"
140,96,duk,Duke Energy Corporation (Holding Company) Common Stock (DUK),12/31/2022,"$28,768,000","$15,792,000","$12,976,000",,--,"$1,466,000","$434,000","$5,086,000","$6,012,000","$414,000","$6,517,000","$2,439,000","$4,078,000","$300,000","$113,000","$95,000","$3,778,000","$2,550,000","$2,444,000"
141,97,duk,Duke Energy Corporation (Holding Company) Common Stock (DUK),12/31/2021,"$24,621,000","$12,663,000","$11,958,000",,--,"$1,355,000","$353,000","$4,762,000","$5,500,000","$648,000","$6,198,000","$2,207,000","$3,991,000","$268,000","$62,000","$329,000","$3,723,000","$3,908,000","$3,802,000"
142,98,duk,Duke Energy Corporation (Holding Company) Common Stock (DUK),12/31/2020,"$23,366,000","$12,013,000","$11,353,000",,--,"$1,311,000","$978,000","$4,504,000","$4,571,000","$462,000","$3,017,000","$2,097,000","$920,000","-$169,000","-$2,005,000","$295,000","$1,089,000","$1,377,000","$1,270,000"
143,99,duk,Duke Energy Corporation (Holding Company) Common Stock (DUK),12/31/2019,"$25,079,000","$13,519,000","$11,560,000",,--,"$1,307,000","-$8,000","$4,548,000","$5,709,000","$426,000","$6,301,000","$2,204,000","$4,097,000","$519,000","$162,000","$177,000","$3,578,000","$3,748,000","$3,707,000"
